% Bibliography data base for research papers.
% Your Name
% Dayton, OH, April 2020
% University of Dayton

%*************************************************************
% These are used to simplify entries. Change or add as needed
%*************************************************************

@String{AP = {Academic Press}} @String{AP:add = {New York}}
@String{CRC = {CRC Press}} @String{CRC:add = {Boca Raton}}
@String{CAM = {Cambridge University Press}} @String{CAM:add =
{Cambridge (Cambridgeshire); New York}} @String{ESP = {Elsevier
Science Publishers}} @String{ESP:add = {Amsterdam, London, New
York}} @String{JW = {John Wiley and Sons}} @String{JW:add = {New
York, NY}} @String{MAC = {Macmillan College Publishing Company}}
@String{MAC:add = {New York, NY}} @String{MGH = {McGraw-Hill}}
@String{MGH:add = {New York}} @String{MK = {Morgan Kaufmann}}
@String{MK:add = {San Mateo, CA}} @String{SV = {Springer-Verlag}}
@String{SV:add = {Berlin, Heidelberg, New York}} @String{PH =
{Prentice Hall}} @String{PH:add = {Englewood Cliffs, New Jersey}}
@String{SAU = {Saunders College Publishing}} @String{SAU:add =
{Orlando, Florida}}

@String{A = {Automatica}} @String{IJC = {International Journal of
Control}} @String{JDSMC = {ASME J. Dyn. Syst., Meas., Contr.}}
@String{IEED = {IEE Proc. D, Control Theory {\&} Appl.}}
@String{SCL = {Systems {\&} Control Letters}} @String{IJCS = {Int.
J. Adapt. Control Signal Process.}} @String{IJSC = {International
Journal of Systems Science}} @String{FSS = {Fuzzy Sets and
Systems}} @String{AJA = {AIAA Journal of Aircraft}}

@String{TAC = {IEEE Transactions on Automatic Control}}
@String{TVT = {IEEE Transactions on Vehicular Technology}}
@String{TRA = {IEEE Transactions on Robotics and Automation}}
@String{TFS = {IEEE Transactions on Fuzzy Systems}} @String{TNN =
{IEEE Transactions on Neural Networks}} @String{TSMC = {IEEE
Transactions on Systems, Man, and Cybernetics}} @String{CSM =
{IEEE Control Systems Magazine}} @String{TCST = {IEEE Transactions
on Control Systems Technology}} @String{TCS = {IEEE Transactions
on Circuits and Systems}}

% IT'S IS A GOOD IDEA TO ORGANIZE YOUR REFERENCES BY MAJOR TOPIC.
% BELOW ARE A FEW JUST TO GET YOU STARTED.

%*************************************************************
% Turbulence
%*************************************************************
@Book{tyson2011principles,
 author = {Tyson, Robert},
 title = {Principles of Adaptive Pptics},
 publisher = {CRC Press},
 year = {2011},
 address = {Boca Raton, FL},
 isbn = {1439808589}
 }

@article{Valley:80,
author = {George C. Valley},
journal = {Appl. Opt.},
keywords = {Adaptive optics; Atmospheric turbulence; Imaging systems; Modulation transfer function; Optical systems; Spatial frequency},
number = {4},
pages = {574--577},
publisher = {OSA},
title = {Isoplanatic degradation of tilt correction and short-term imaging systems},
volume = {19},
month = {Feb},
year = {1980},
url = {http://ao.osa.org/abstract.cfm?URI=ao-19-4-574},
doi = {10.1364/AO.19.000574},
}

@article{Jellen:20,
author = {Christopher Jellen and John Burkhardt and Cody Brownell and Charles Nelson},
journal = {Appl. Opt.},
keywords = {Atmospheric turbulence; Electromagnetic beams; Laser beam propagation; Laser weapons; Optical turbulence; Wavefronts},
number = {21},
pages = {6379--6389},
publisher = {OSA},
title = {Machine learning informed predictor importance measures of environmental parameters in maritime optical turbulence},
volume = {59},
month = {Jul},
year = {2020},
url = {http://ao.osa.org/abstract.cfm?URI=ao-59-21-6379},
doi = {10.1364/AO.397325},
}

@article{Su:20,
author = {Changdong Su and Xiaoqing Wu and Tao Luo and Su Wu and Chun Qing},
journal = {Appl. Opt.},
keywords = {Atmospheric turbulence; Laser communications; Neural networks; Optical turbulence; Refractive index; Turbulence effects},
number = {12},
pages = {3699--3705},
publisher = {OSA},
title = {Adaptive niche-genetic algorithm based on backpropagation neural network for atmospheric turbulence forecasting},
volume = {59},
month = {Apr},
year = {2020},
url = {http://ao.osa.org/abstract.cfm?URI=ao-59-12-3699},
doi = {10.1364/AO.388959},
}

@inproceedings{Wang:2014,
author = {Yao Wang and Sukanta Basu},
title = {{Estimation of optical turbulence in the atmospheric surface layer from routine meteorological observations:
an artificial neural network approach}},
volume = {9224},
booktitle = {Laser Communication and Propagation through the Atmosphere and Oceans III},
editor = {Alexander M. J. van Eijk and Christopher C. Davis and Stephen M. Hammel},
organization = {International Society for Optics and Photonics},
publisher = {SPIE},
pages = {300 -- 307},
keywords = {optical turbulence , artificial neural network, mesoscale models, similarity theory, atmospheric surface layer, regression models, similarity theories},
year = {2014},
doi = {10.1117/12.2063168},
URL = {https://doi.org/10.1117/12.2063168}
}


%*************************************************************
% Dataset
%*************************************************************
@misc{davis,
  title = {{Vantage Pro2 Plus Technical Specs}},
  url = {\url{https://www.davisinstruments.com/vantage-pro2/tech-specs/}},
}

 @misc{mzaassociatescorporation,
  title = {{Atmospheric Characterization Devices}},
  url = {\url{https://www.mza.com/products.php?page=productsAtmosChar}},
 } 

@Article{ harris2020array,
 title = {Array programming with {NumPy}},
 author  = {Charles R. Harris and K. Jarrod Millman and St{'{e}}fan J.
                 van der Walt and Ralf Gommers and Pauli Virtanen and David
                 Cournapeau and Eric Wieser and Julian Taylor and Sebastian
                 Berg and Nathaniel J. Smith and Robert Kern and Matti Picus
                 and Stephan Hoyer and Marten H. van Kerkwijk and Matthew
                 Brett and Allan Haldane and Jaime Fern{'{a}}ndez del
                 R{'{\i}}o and Mark Wiebe and Pearu Peterson and Pierre
                 G{'{e}}rard-Marchant and Kevin Sheppard and Tyler Reddy and
                 Warren Weckesser and Hameer Abbasi and Christoph Gohlke and
                 Travis E. Oliphant},
 year = {2020},
 month = sep,
 journal = {Nature},
 volume = {585},
 number = {7825},
 pages  = {357--362},
 doi = {10.1038/s41586-020-2649-2},
 publisher = {Springer Science and Business Media {LLC}},
 url = {https://doi.org/10.1038/s41586-020-2649-2}
}
	

%*************************************************************
% Modeling
%*************************************************************
@incollection{PyTorch,
	title = {PyTorch: An Imperative Style, High-Performance Deep Learning Library},
	author = {Paszke, Adam and Gross, Sam and Massa, Francisco and Lerer, Adam and Bradbury, James and Chanan, Gregory and Killeen, Trevor and Lin, Zeming and Gimelshein, Natalia and Antiga, Luca and Desmaison, Alban and Kopf, Andreas and Yang, Edward and DeVito, Zachary and Raison, Martin and Tejani, Alykhan and Chilamkurthy, Sasank and Steiner, Benoit and Fang, Lu and Bai, Junjie and Chintala, Soumith},
	booktitle = {Advances in Neural Information Processing Systems 32},
	editor = {H. Wallach and H. Larochelle and A. Beygelzimer and F. d\textquotesingle Alch\'{e}-Buc and E. Fox and R. Garnett},
	pages = {8024--8035},
	year = {2019},
	publisher = {Curran Associates, Inc.},
	url = {http://papers.neurips.cc/paper/9015-pytorch-an-imperative-style-high-performance-deep-learning-library.pdf}
}

@article{activationfunctions,
 	author={Chigozie Nwankpa and Winifred Ijomah and Anthony Gachagan and Stephen Marshall},
  	title={Activation Functions: Comparison of trends in Practice and Research for Deep Learning},
  	journal={CoRR},
 	volume={abs/1811.03378},
  	year={2018},
  	url={http://arxiv.org/abs/1811.03378},
  	archivePrefix={arXiv},
  	eprint={1811.03378},
  	timestamp={Fri, 23 Nov 2018 12:43:51 +0100},
  	biburl={https://dblp.org/rec/journals/corr/abs-1811-03378.bib},
  	bibsource={dblp computer science bibliography, https://dblp.org}
}

@article{LSTM,
	title = {Long {Short}-{Term} {Memory}},
	volume = {9},
	issn = {0899-7667, 1530-888X},
	url = {https://direct.mit.edu/neco/article/9/8/1735-1780/6109},
	doi = {10.1162/neco.1997.9.8.1735},
	language = {en},
	number = {8},
	urldate = {2021-03-28},
	journal = {Neural Computation},
	author = {Hochreiter, Sepp and Schmidhuber, JÃ¼rgen},
	month = nov,
	year = {1997},
	pages = {1735--1780},
}

@article{GRU,
  author    = {Junyoung Chung and
               {\c{C}}aglar G{\"{u}}l{\c{c}}ehre and
               KyungHyun Cho and
               Yoshua Bengio},
  title     = {Empirical Evaluation of Gated Recurrent Neural Networks on Sequence
               Modeling},
  journal   = {CoRR},
  volume    = {abs/1412.3555},
  year      = {2014},
  url       = {http://arxiv.org/abs/1412.3555},
  archivePrefix = {arXiv},
  eprint    = {1412.3555},
  timestamp = {Mon, 13 Aug 2018 16:47:38 +0200},
  biburl    = {https://dblp.org/rec/journals/corr/ChungGCB14.bib},
  bibsource = {dblp computer science bibliography, https://dblp.org}
}

@misc{GRU_original,
      title={Learning Phrase Representations using RNN Encoder-Decoder for Statistical Machine Translation}, 
      author={Kyunghyun Cho and Bart van Merrienboer and Caglar Gulcehre and Dzmitry Bahdanau and Fethi Bougares and Holger Schwenk and Yoshua Bengio},
      year={2014},
      eprint={1406.1078},
      archivePrefix={arXiv},
      primaryClass={cs.CL}
}

 @misc{olah,
	title={Understanding LSTM Networks},
	url={https://colah.github.io/posts/2015-08-Understanding-LSTMs/},
	journal={Understanding LSTM Networks -- colah's blog},
	author={Olah, Christopher}
} 

 @misc{gradient_descent_trivial,
 	title={The Ascent of Gradient Descent},
 	url={https://blog.clairvoyantsoft.com/the-ascent-of-gradient-descent-23356390836f}, 
 	journal={Medium},
 	 publisher={Clairvoyant Blog}, 
 	 author={M, Rekha},
 	  year={2020},
 	   month={Jun}
}

 @misc{gradient_descent_nontrivial,
	title={Coding Deep Learning for Beginners - Linear Regression (Part 3): Training with Gradient Descent},
 	url={https://towardsdatascience.com/coding-deep-learning-for-beginners-linear-regression-gradient-descent-fcd5e0fc077d},
 	journal={Medium}
 	 publisher={Towards Data Science},
 	 author={Krzyk, Kamil},
 	 year={2018}, month={Aug}
} 
 
@misc{kingma2017adam,
      title={Adam: A Method for Stochastic Optimization}, 
      author={Diederik P. Kingma and Jimmy Ba},
      year={2017},
      eprint={1412.6980},
      archivePrefix={arXiv},
      primaryClass={cs.LG}
}

@misc{loshchilov2019decoupled,
      title={Decoupled Weight Decay Regularization}, 
      author={Ilya Loshchilov and Frank Hutter},
      year={2019},
      eprint={1711.05101},
      archivePrefix={arXiv},
      primaryClass={cs.LG}
}

%*************************************************************
% Statistics
%*************************************************************
@book{10.5555/1403886,
author = {Press, William H. and Teukolsky, Saul A. and Vetterling, William T. and Flannery, Brian P.},
title = {Numerical Recipes 3rd Edition: The Art of Scientific Computing},
year = {2007},
isbn = {0521880688},
publisher = {Cambridge University Press},
address = {USA},
edition = {3}
}

@ARTICLE{2020SciPy-NMeth,
  author  = {Virtanen, Pauli and Gommers, Ralf and Oliphant, Travis E. and
            Haberland, Matt and Reddy, Tyler and Cournapeau, David and
            Burovski, Evgeni and Peterson, Pearu and Weckesser, Warren and
            Bright, Jonathan and {van der Walt}, St{\'e}fan J. and
            Brett, Matthew and Wilson, Joshua and Millman, K. Jarrod and
            Mayorov, Nikolay and Nelson, Andrew R. J. and Jones, Eric and
            Kern, Robert and Larson, Eric and Carey, C J and
            Polat, {\.I}lhan and Feng, Yu and Moore, Eric W. and
            {VanderPlas}, Jake and Laxalde, Denis and Perktold, Josef and
            Cimrman, Robert and Henriksen, Ian and Quintero, E. A. and
            Harris, Charles R. and Archibald, Anne M. and
            Ribeiro, Ant{\^o}nio H. and Pedregosa, Fabian and
            {van Mulbregt}, Paul and {SciPy 1.0 Contributors}},
  title   = {{{SciPy} 1.0: Fundamental Algorithms for Scientific
            Computing in Python}},
  journal = {Nature Methods},
  year    = {2020},
  volume  = {17},
  pages   = {261--272},
  adsurl  = {https://rdcu.be/b08Wh},
  doi     = {10.1038/s41592-019-0686-2},
}
